@inbook{meyers1997cpp,
address={S{\~a}o Paulo},
organization={Funda{\c{c}}{\~a}o Getulio Vargas},
author={Nathan Mayers},
title={C++ no mundo real},
url={http://www.paim.pro.br/c++/faq_lite_br/www.arnaut.eti.br/op/CPPAR002.htm},
urlaccessdate={14 out. 2017},
year={1997}
}

@inproceedings{alvaroEgustavoElucas2015xml,
  title={Desenvolvimento de aplicativo Android para produção de referências bibliográficas},
  author={{\'A}lvaro Ferreira Pires de Paiva and Gustavo {\'I}talo Freire Martins and Lucas Vieira de Souza},
  booktitle={Anais do CONGIC},
  organization={CONGIC},
  number={11},
  address={Santa Cruz},
  year={2015}
}

@article{costa0000importancia,
  title={A Import{\^a}ncia da Utiliza{\c{c}}{\~a}o do Software na {\'A}rea da Sa{\'u}de},
  author={Karine Campos Costa and Regiane Orlovski},
  year={2014},
  publisher={Revista Científica Semana Acadêmica},
  address={Fortaleza},
  number={50}
}

@article{thiagoEfrancielly2012desenvolvimento,
  title={Desenvolvimento de aplicativo m{\'o}vel de refer{\^e}ncia sobre vacina{\c{c}}{\~a}o no Brasil},
  author={Thiago Robis de Oliveira and Francielly Morais Rodrigues da Costa},
  journal={Journal of Health Informatics},
  volume={4},
  number={1},
  year={2012},
  note={Trimestral}
}

@mastersthesis{nobukuni2014aplicativo,
  title={Aplicativo Android para aquisi{\c{c}}{\~a}o de dados de um baropod{\^o}metro via Bluetooth para apoio na an{\'a}lise de escoliose},
  author={Maria Inez Nobukuni},
  address={Ilha Solteira},
  school={Faculdade de Engenharia de Ilha Solteira},
  year={2014},
  pages={66},
  publisher={Universidade Estadual Paulista (UNESP)}
}

@mastersthesis{paulo2014desenvolvimento,
  title={Desenvolvimento de um aplicativo Android e de uma interface bluetooth para um dinam{\^o}metro biom{\'e}dico},
  author={Jean Vitor de Paulo},
  year={2014},
  pages={93},
  school={Faculdade de Engenharia de Ilha Solteira},
  publisher={Universidade Estadual Paulista (UNESP)}
}

@inbook{globo2015smartphone,
organization={Globo},
author={Reuters},
title={Venda de smartphones sobe 55\% no Brasil em 2014, diz IDC},
url={http://g1.globo.com/tecnologia/noticia/2015/04/venda-de-smartphones-sobe-55-no-brasil-em-2014-diz-idc.html},
urlaccessdate={29 nov. 2015},
year={2015}
}

@inbook{android2015versoes,
organization={Android},
author={Android Developers},
title={Dashboards},
url={https://developer.android.com/intl/pt-br/about/dashboards/},
urlaccessdate={8 nov. 2015},
year={2015}
}

@inbook{sabbatini2015infosaude,
organization={Informática Médica},
author={Renato Marcos Endrizzi Sabbatini},
title={História da informática em saúde no Brasil},
url={http://www.informaticamedica.org.br/informaticamedica/n0105/sabbatini.htm},
address={Campinas},
volume={1},
number={5},
urlaccessdate={1 nov. 2014},
year={1998}
}

@inbook{android2015arquitetura,
organization={Android},
author={Android},
title={Android Interfaces and Architecture},
url={https://source.android.com/devices/},
urlaccessdate={8 nov. 2015},
year={2015}
}

@inbook{android2015activity,
organization={Android},
author={Android Developers},
title={Atividades},
url={http://developer.android.com/intl/pt-br/guide/components/activities.html},
urlaccessdate={5 dez. 2015},
year={2015}
}

@inbook{android2015intent,
organization={Android},
author={Android Developers},
title={Intenções e filtros de intenções},
url={http://developer.android.com/intl/pt-br/guide/components/intents-filters.html},
urlaccessdate={5 dez. 2015},
year={2015}
}

@inbook{watson2015ormlite,
organization={ORMLite},
author={Gray Watson},
title={OrmLite - Lightweight Object Relational Mapping (ORM) Java Package},
url={http://ormlite.com/},
urlaccessdate={2 dez. 2015},
year={2015}
}

@article{costa2011banco,
  title={Banco de dados relacionais},
  author={Elis{\^a}ngela Rocha da Costa},
  publisher={Faculdade de Tecnologia de São Paulo},
  address={São Paulo},
  year={2011}
}

@book{date2004introduccao,
  title={Introdu{\c{c}}{\~a}o a sistemas de bancos de dados},
  author={Christopher J Date},
  year={2004},
  address={Rio de Janeiro},
  publisher={Elsevier Brasil}
}

@article{elmasri2005sistemas,
  title={Sistemas de banco de dados},
  author={Ramez Elmasri and Shamkant B Navathe},
  year={2011},
  address={São Paulo},
  publisher={Pearson Addison Wesley}
}

@inbook{sqlite2015sqlite,
organization={SQLite},
author={SQLite},
title={About SQLite},
url={http://www.sqlite.org/about.html},
urlaccessdate={3 dez. 2015},
year={2015}
}

@inbook{gehring2015graph,
organization={Graph View},
author={Jonas Gehring},
title={GraphView - open source graph plotting library for Android},
url={http://www.android-graphview.org/},
urlaccessdate={2 dez. 2015},
year={2015}
}