@misc{meyers1997cpp,
	author={Nathan Mayers},
	title={C++ no mundo real},
	url={http://www.paim.pro.br/c++/faq_lite_br/www.arnaut.eti.br/op/CPPAR002.htm},
	urlaccessdate={14 out. 2017},
	year={1997}
}